@article{KullbackLeibler,
author = {S. Kullback and R. A. Leibler},
title = {{On Information and Sufficiency}},
volume = {22},
journal = {The Annals of Mathematical Statistics},
number = {1},
publisher = {Institute of Mathematical Statistics},
pages = {79 -- 86},
year = {1951},
doi = {10.1214/aoms/1177729694},
URL = {https://doi.org/10.1214/aoms/1177729694}
}